% (The MIT License)
%
% Copyright (c) 2021-2024 Yegor Bugayenko
%
% Permission is hereby granted, free of charge, to any person obtaining a copy
% of this software and associated documentation files (the 'Software'), to deal
% in the Software without restriction, including without limitation the rights
% to use, copy, modify, merge, publish, distribute, sublicense, and/or sell
% copies of the Software, and to permit persons to whom the Software is
% furnished to do so, subject to the following conditions:
%
% The above copyright notice and this permission notice shall be included in all
% copies or substantial portions of the Software.
%
% THE SOFTWARE IS PROVIDED 'AS IS', WITHOUT WARRANTY OF ANY KIND, EXPRESS OR
% IMPLIED, INCLUDING BUT NOT LIMITED TO THE WARRANTIES OF MERCHANTABILITY,
% FITNESS FOR A PARTICULAR PURPOSE AND NONINFRINGEMENT. IN NO EVENT SHALL THE
% AUTHORS OR COPYRIGHT HOLDERS BE LIABLE FOR ANY CLAIM, DAMAGES OR OTHER
% LIABILITY, WHETHER IN AN ACTION OF CONTRACT, TORT OR OTHERWISE, ARISING FROM,
% OUT OF OR IN CONNECTION WITH THE SOFTWARE OR THE USE OR OTHER DEALINGS IN THE
% SOFTWARE.

@misc{bugayenko2021eolang,
  title={EOLANG and $\varphi$-calculus},
  author={Yegor Bugayenko},
  year={2021},
  eprint={2111.13384},
  archivePrefix={arXiv},
  primaryClass={cs.PL}
}

@misc{bugayenko2022origins,
  title={On the Origins of Objects by Means of Careful Selection},
  author={Yegor Bugayenko},
  year={2022},
  eprint={2206.02585},
  archivePrefix={arXiv},
  primaryClass={cs.PL}
}

@misc{kudasov2021,
  author = {Kudasov, Nikolai and Kim, Violetta},
  title = {$\varphi$-calculus: a purely object-oriented calculus of decorated objects},
  year = 2022,
  eprint={2204.07454},
  archivePrefix={arXiv},
  primaryClass={cs.PL}
}
