@misc{bugayenko2021eolang,
  title={EOLANG and $\varphi$-calculus}, 
  author={Yegor Bugayenko},
  year={2021},
  eprint={2111.13384},
  archivePrefix={arXiv},
  primaryClass={cs.PL}
}
